@book{Hebb,
    author    = "{\textbf{Hebb}}",
    title     = "The organization of Behaviour",
    year      = "1949",
    publisher = "{Wiley $\&$ Sons}",
    address   = "New York"
}

@article{RussoDurstewitz,
    author = "{\textbf{Russo, Durstewitz}}",
    title = "{Cell assemblies at multiple time scales with arbitrary lag costellations}.",
    %journal = "eLife",
   % volume = "322",
  %  number = "10",
   % pages = "891--921",
    year = "2017",
    DOI = "10.7554/eLife.19428",
    keywords = "neuroscience"
}